02RETORNO01COBRANCA       004600736658        ORG CONT TRIANGULO SC LT      341BANCO ITAU S.A.24011701600BPI02424250117                                                                                                                                                                                                                                                                                   000001
10249073786000166004600736658                                 00000047            109000000476             I0224011747        00000047            05021700000000490003410046308000000000000000000000000000000000000000000000000000000000000000000000000000000000000000000000000000001000000000000000         00000000000000000000000A.F. FERNANDES COMERCIAL IMPOR                                        000002
10249073786000166004600736658                                 00000092            109000000922             I0224011792        00000092            05021700000000610003410046308000000000000000000000000000000000000000000000000000000000000000000000000000000000000000000000000000001000000000000000         00000000000000000000000ACADEMIA GUARU LTDA - ME                                              000003
10249073786000166004600736658                                 00000102            109000001029             I02240117102       00000102            05021700000000666003410046308000000000000000000000000000000000000000000000000000000000000000000000000000000000000000000000000000001000000000000000         00000000000000000000000AHC PSICO & ODONTO LTDA - ME                                          000004
10249073786000166004600736658                                 00000107            109000001078             I02240117107       00000107            20021700000000165003410046308000000000000000000000000000000000000000000000000000000000000000000000000000000000000000000000000000001000000000000000         00000000000000000000000ALBERTO OSVALDO SONCINI                                               000005
10249073786000166004600736658                                 00000120            109000001201             I02240117120       00000120            05021700000000979003410046308000000000000000000000000000000000000000000000000000000000000000000000000000000000000000000000000000001000000000000000         00000000000000000000000ALEXANDRE MOLLEKEN EIRELLI EPP                                        000006
10249073786000166004600736658                                 00000130            109000001300             I02240117130       00000130            10021700000000800503410046308000000000000000000000000000000000000000000000000000000000000000000000000000000000000000000000000000001000000000000000         00000000000000000000000ALPHA 1 DIVISORIAS COMERCIO E                                         000007
10249073786000166004600736658                                 00000144            109000001441             I02240117144       00000144            05021700000000900003410046308000000000000000000000000000000000000000000000000000000000000000000000000000000000000000000000000000001000000000000000         00000000000000000000000AMANDY MINI MERCADO EIRELI - M                                        000008
10249073786000166004600736658                                 00000254            109000002548             I02240117254       00000254            10021700000001226503410046308000000000000000000000000000000000000000000000000000000000000000000000000000000000000000000000000000001000000000000000         00000000000000000000000AMBIENTECHI INDUSTRIA, COMERCI                                        000009
10249073786000166004600736658                                 00000265            109000002654             I02240117265       00000265            05021700000001644003410046308000000000000000000000000000000000000000000000000000000000000000000000000000000000000000000000000000001000000000000000         00000000000000000000000AMPLA FIOS COMERCIO E INDUSTRI                                        000010
10249073786000166004600736658                                 00000275            109000002753             I02240117275       00000275            15021700000000160003410046308000000000000000000000000000000000000000000000000000000000000000000000000000000000000000000000000000001000000000000000         00000000000000000000000ANA KARIN GOMES                                                       000011
10249073786000166004600736658                                 00000280            109000002803             I02240117280       00000280            05021700000000273003410046308000000000000000000000000000000000000000000000000000000000000000000000000000000000000000000000000000001000000000000000         00000000000000000000000APARECIDA CAMAZANO DA SILVA                                           000012
10249073786000166004600736658                                 00000293            109000002936             I02240117293       00000293            10021700000001926003410046308000000000000000000000000000000000000000000000000000000000000000000000000000000000000000000000000000001000000000000000         00000000000000000000000APEX CORDIS SERVICOS MEDICOS S                                        000013
10249073786000166004600736658                                 00000303            109000003033             I02240117303       00000303            10021700000000926003412861308000000000000000000000000000000000000000000000000000000000000000000000000000000000000000000000000000001000000000000000         00000000000000000000000ARGUS STUDIO COMERCIAL FOTOGRA                                        000014
10249073786000166004600736658                                 00000347            109000003470             I02240117347       00000347            05021700000000808503410046308000000000000000000000000000000000000000000000000000000000000000000000000000000000000000000000000000001000000000000000         00000000000000000000000ARTE COUNTRY LTDA ME                                                  000015
10249073786000166004600736658                                 00000356            109000003561             I02240117356       00000356            10021700000000600003412861308000000000000000000000000000000000000000000000000000000000000000000000000000000000000000000000000000001000000000000000         00000000000000000000000ASSOCIACAO BENEFICENTE DE AMPA                                        000016
10249073786000166004600736658                                 00000455            109000004551             I02240117455       00000455            10021700000001671843410046308000000000000000000000000000000000000000000000000000000000000000000000000000000000000000000000000000001000000000000000         00000000000000000000000ATACADO E AUTO SERVICO ESPERAN                                        000017
10249073786000166004600736658                                 00000479            109000004791             I02240117479       00000479            10021700000000792003412861308000000000000000000000000000000000000000000000000000000000000000000000000000000000000000000000000000001000000000000000         00000000000000000000000ATACADO E AUTO SERVICO ESPERAN                                        000018
10249073786000166004600736658                                 00000511            109000005111             I02240117511       00000511            10021700000001671843410046308000000000000000000000000000000000000000000000000000000000000000000000000000000000000000000000000000001000000000000000         00000000000000000000000ATACADO E AUTO SERVICO ESPERAN                                        000019
10249073786000166004600736658                                 00000557            109000005574             I02240117557       00000557            10021700000001671843410046308000000000000000000000000000000000000000000000000000000000000000000000000000000000000000000000000000001000000000000000         00000000000000000000000ATACADO E AUTO SERVICO ESPERAN                                        000020
10249073786000166004600736658                                 00000558            109000005582             I02240117558       00000558            10021700000001671843413197108000000000000000000000000000000000000000000000000000000000000000000000000000000000000000000000000000001000000000000000         00000000000000000000000ATACADO E AUTO SERVICO ESPERAN                                        000021
10249073786000166004600736658                                 00000559            109000005590             I02240117559       00000559            10021700000001710793412861308000000000000000000000000000000000000000000000000000000000000000000000000000000000000000000000000000001000000000000000         00000000000000000000000ATACADO E AUTO SERVICO ESPERAN                                        000022
10249073786000166004600736658                                 00000560            109000005608             I02240117560       00000560            10021700000001671843412861308000000000000000000000000000000000000000000000000000000000000000000000000000000000000000000000000000001000000000000000         00000000000000000000000ATACADO E AUTO SERVICO ESPERAN                                        000023
10249073786000166004600736658                                 00000561            109000005616             I02240117561       00000561            10021700000001671843410076008000000000000000000000000000000000000000000000000000000000000000000000000000000000000000000000000000001000000000000000         00000000000000000000000ATACADO E AUTO SERVICO ESPERAN                                        000024
10249073786000166004600736658                                 00000562            109000005624             I02240117562       00000562            10021700000001671843412861308000000000000000000000000000000000000000000000000000000000000000000000000000000000000000000000000000001000000000000000         00000000000000000000000ATACADO E AUTO SERVICO ESPERAN                                        000025
10249073786000166004600736658                                 00000563            109000005632             I02240117563       00000563            10021700000001671843410277408000000000000000000000000000000000000000000000000000000000000000000000000000000000000000000000000000001000000000000000         00000000000000000000000ATACADO E AUTO SERVICO ESPERAN                                        000026
10249073786000166004600736658                                 00000564            109000005640             I02240117564       00000564            10021700000001671843410046308000000000000000000000000000000000000000000000000000000000000000000000000000000000000000000000000000001000000000000000         00000000000000000000000ATACADO E AUTO SERVICO ESPERAN                                        000027
10249073786000166004600736658                                 00000565            109000005657             I02240117565       00000565            10021700000001671843410142008000000000000000000000000000000000000000000000000000000000000000000000000000000000000000000000000000001000000000000000         00000000000000000000000ATACADO E AUTO SERVICO ESPERAN                                        000028
10249073786000166004600736658                                 00000566            109000005665             I02240117566       00000566            10021700000001671843410076008000000000000000000000000000000000000000000000000000000000000000000000000000000000000000000000000000001000000000000000         00000000000000000000000ATACADO E AUTO SERVICO ESPERAN                                        000029
10249073786000166004600736658                                 00000567            109000005673             I02240117567       00000567            10021700000000792003410076008000000000000000000000000000000000000000000000000000000000000000000000000000000000000000000000000000001000000000000000         00000000000000000000000ATACADO E AUTO SERVICO ESPERAN                                        000030
10249073786000166004600736658                                 00000569            109000005699             I02240117569       00000569            10021700000001671843410239408000000000000000000000000000000000000000000000000000000000000000000000000000000000000000000000000000001000000000000000         00000000000000000000000ATACADO E AUTO SERVICO ESPERAN                                        000031
10249073786000166004600736658                                 00000581            109000005814             I02240117581       00000581            15021700000000634703410046308000000000000000000000000000000000000000000000000000000000000000000000000000000000000000000000000000001000000000000000         00000000000000000000000ATUAL FOTOGRAFIAS LTDA - ME                                           000032
10249073786000166004600736658                                 00000601            109000006010             I02240117601       00000601            20021700000001370003410046308000000000000000000000000000000000000000000000000000000000000000000000000000000000000000000000000000001000000000000000         00000000000000000000000AVICOLA CACULA DO BAIRRO LTDA                                         000033
10249073786000166004600736658                                 00000609            109000006093             I02240117609       00000609            10021700000002199003410046308000000000000000000000000000000000000000000000000000000000000000000000000000000000000000000000000000001000000000000000         00000000000000000000000BETINA IMPORTACAO, INDUSTRIA E                                        000034
10249073786000166004600736658                                 00000615            109000006150             I02240117615       00000615            05021700000000600003412861308000000000000000000000000000000000000000000000000000000000000000000000000000000000000000000000000000001000000000000000         00000000000000000000000BLENDING INDUSTRIA E COMERCIO                                         000035
10249073786000166004600736658                                 00000625            109000006259             I02240117625       00000625            10021700000000446003410046308000000000000000000000000000000000000000000000000000000000000000000000000000000000000000000000000000001000000000000000         00000000000000000000000BOAS NOVAS INTERMEDIACAO DE NE                                        000036
10249073786000166004600736658                                 00000626            109000006267             I02240117626       00000626            05021700000000830003410046308000000000000000000000000000000000000000000000000000000000000000000000000000000000000000000000000000001000000000000000         00000000000000000000000BRASIL E BRASIL ADVOGADOS ASSO                                        000037
10249073786000166004600736658                                 00000635            109000006358             I02240117635       00000635            10021700000001000003410046308000000000000000000000000000000000000000000000000000000000000000000000000000000000000000000000000000001000000000000000         00000000000000000000000BRASTEC COMPONENTES INDUSTRIAI                                        000038
10249073786000166004600736658                                 00000637            109000006374             I02240117637       00000637            05021700000001491003410046308000000000000000000000000000000000000000000000000000000000000000000000000000000000000000000000000000001000000000000000         00000000000000000000000BRN INDUSTRIA E COMERCIO DE EQ                                        000039
10249073786000166004600736658                                 00000639            109000006390             I02240117639       00000639            10021700000000408003412861308000000000000000000000000000000000000000000000000000000000000000000000000000000000000000000000000000001000000000000000         00000000000000000000000CACILDA NORIKO UEMURA                                                 000040
10249073786000166004600736658                                 00000644            109000006440             I02240117644       00000644            15021700000000880003410024008000000000000000000000000000000000000000000000000000000000000000000000000000000000000000000000000000001000000000000000         00000000000000000000000CAIO COMERCIO E REPRESENTACOES                                        000041
10249073786000166004600736658                                 00000648            109000006481             I02240117648       00000648            10021700000000880003410046308000000000000000000000000000000000000000000000000000000000000000000000000000000000000000000000000000001000000000000000         00000000000000000000000CAMARA & CAMARA SOCIEDADE DE A                                        000042
10249073786000166004600736658                                 00000663            109000006630             I02240117663       00000663            02031700000000668003410046308000000000000000000000000000000000000000000000000000000000000000000000000000000000000000000000000000001000000000000000         00000000000000000000000CAMARGO & CAMARGO ASSISTENCIA                                         000043
10249073786000166004600736658                                 00000664            109000006648             I02240117664       00000664            20021700000000700003410046308000000000000000000000000000000000000000000000000000000000000000000000000000000000000000000000000000001000000000000000         00000000000000000000000CAMARGO S INFORMATICA LTDA                                            000044
10249073786000166004600736658                                 00000665            109000006655             I02240117665       00000665            05021700000000782003410046308000000000000000000000000000000000000000000000000000000000000000000000000000000000000000000000000000001000000000000000         00000000000000000000000CANTO DA FAZENDA RESTAURANTE L                                        000045
10249073786000166004600736658                                 00000666            109000006663             I02240117666       00000666            05021700000000782003410046308000000000000000000000000000000000000000000000000000000000000000000000000000000000000000000000000000001000000000000000         00000000000000000000000CANTO DA FAZENDA RESTAURANTE L                                        000046
10249073786000166004600736658                                 00000667            109000006671             I02240117667       00000667            15021700000001277003412861308000000000000000000000000000000000000000000000000000000000000000000000000000000000000000000000000000001000000000000000         00000000000000000000000CARLOS ALBERTO LUIS VERDURAS M                                        000047
10249073786000166004600736658                                 00000669            109000006697             I02240117669       00000669            15021700000000664003415572308000000000000000000000000000000000000000000000000000000000000000000000000000000000000000000000000000001000000000000000         00000000000000000000000CARLOS ALBERTO LUIS VERDURAS-M                                        000048
10249073786000166004600736658                                 00000670            109000006705             I02240117670       00000670            20021700000000130003410046308000000000000000000000000000000000000000000000000000000000000000000000000000000000000000000000000000001000000000000000         00000000000000000000000CARMEM IMPARATO BUCCELLI                                              000049
10249073786000166004600736658                                 00000676            109000006762             I02240117676       00000676            10021700000000780003410046308000000000000000000000000000000000000000000000000000000000000000000000000000000000000000000000000000001000000000000000         00000000000000000000000C.B.S. REPRESENTACAO COMERCIAL                                        000050
10249073786000166004600736658                                 00000679            109000006796             I02240117679       00000679            05021700000001584003410019008000000000000000000000000000000000000000000000000000000000000000000000000000000000000000000000000000001000000000000000         00000000000000000000000CENTERLAR COMERCIO DE UTILIDAD                                        000051
10249073786000166004600736658                                 00000682            109000006820             I02240117682       00000682            05021700000001584003410009108000000000000000000000000000000000000000000000000000000000000000000000000000000000000000000000000000001000000000000000         00000000000000000000000CENTERLAR COMERCIO DE UTILIDAD                                        000052
10249073786000166004600736658                                 00000685            109000006853             I02240117685       00000685            05021700000001584003410041408000000000000000000000000000000000000000000000000000000000000000000000000000000000000000000000000000001000000000000000         00000000000000000000000CENTERLAR COMERCIO DE UTILIDAD                                        000053
10249073786000166004600736658                                 00000686            109000006861             I02240117686       00000686            05021700000001584003411292208000000000000000000000000000000000000000000000000000000000000000000000000000000000000000000000000000001000000000000000         00000000000000000000000CENTERLAR COMERCIO DE UTILIDAD                                        000054
10249073786000166004600736658                                 00000700            109000007000             I02240117700       00000700            05021700000001584003410019008000000000000000000000000000000000000000000000000000000000000000000000000000000000000000000000000000001000000000000000         00000000000000000000000CENTERLAR COMERCIO DE UTILIDAD                                        000055
10249073786000166004600736658                                 00000701            109000007018             I02240117701       00000701            05021700000001584003410278208000000000000000000000000000000000000000000000000000000000000000000000000000000000000000000000000000001000000000000000         00000000000000000000000CENTERLAR COMERCIO DE UTILIDAD                                        000056
10249073786000166004600736658                                 00000796            109000007968             I02240117796       00000796            05021700000001584003410009108000000000000000000000000000000000000000000000000000000000000000000000000000000000000000000000000000001000000000000000         00000000000000000000000CENTERLAR COMERCIO DE UTILIDAD                                        000057
10249073786000166004600736658                                 00000818            109000008180             I02240117818       00000818            05021700000001584003410019008000000000000000000000000000000000000000000000000000000000000000000000000000000000000000000000000000001000000000000000         00000000000000000000000CENTERLAR COMERCIO DE UTILIDAD                                        000058
10249073786000166004600736658                                 00000873            109000008735             I02240117873       00000873            05021700000001584003410019008000000000000000000000000000000000000000000000000000000000000000000000000000000000000000000000000000001000000000000000         00000000000000000000000CENTERLAR COMERCIO DE UTILIDAD                                        000059
10249073786000166004600736658                                 00000921            109000009212             I02240117921       00000921            05021700000001584003410019008000000000000000000000000000000000000000000000000000000000000000000000000000000000000000000000000000001000000000000000         00000000000000000000000CENTERLAR COMERCIO DE UTILIDAD                                        000060
10249073786000166004600736658                                 00000956            109000009568             I02240117956       00000956            05021700000001584003410019008000000000000000000000000000000000000000000000000000000000000000000000000000000000000000000000000000001000000000000000         00000000000000000000000CENTERLAR COMERCIO DE UTILIDAD                                        000061
10249073786000166004600736658                                 00000964            109000009642             I02240117964       00000964            05021700000000276003410046308000000000000000000000000000000000000000000000000000000000000000000000000000000000000000000000000000001000000000000000         00000000000000000000000CENTRO AUTOMOTIVO SILVIO SANCH                                        000062
10249073786000166004600736658                                 00001024            109000010244             I022401171024      00001024            05021700000001553643410046308000000000000000000000000000000000000000000000000000000000000000000000000000000000000000000000000000001000000000000000         00000000000000000000000CENTRO DE DIAGNOSTICO E TERAPI                                        000063
10249073786000166004600736658                                 00001025            109000010251             I022401171025      00001025            10021700000000576003410046308000000000000000000000000000000000000000000000000000000000000000000000000000000000000000000000000000001000000000000000         00000000000000000000000CENTRO PROFISSIONALIZANTE DE H                                        000064
10249073786000166004600736658                                 00001036            109000010368             I022401171036      00001036            31011700000001886003410046308000000000000000000000000000000000000000000000000000000000000000000000000000000000000000000000000000001000000000000000         00000000000000000000000CENTRO SOCIAL BRASIL VIVO                                             000065
10249073786000166004600736658                                 00001043            109000010434             I022401171043      00001043            07021700000000170003410046308000000000000000000000000000000000000000000000000000000000000000000000000000000000000000000000000000001000000000000000         00000000000000000000000CHARLES DAVID SANTOS SILVA - M                                        000066
10249073786000166004600736658                                 00001060            109000010608             I022401171060      00001060            05021700000000360003410046308000000000000000000000000000000000000000000000000000000000000000000000000000000000000000000000000000001000000000000000         00000000000000000000000CIEL VILACA MAGAZINE LTDA EPP                                         000067
10249073786000166004600736658                                 00001073            109000010731             I022401171073      00001073            05021700000000300003410046308000000000000000000000000000000000000000000000000000000000000000000000000000000000000000000000000000001000000000000000         00000000000000000000000CJS SOLUCOES EM INFORMATICA LT                                        000068
10249073786000166004600736658                                 00001107            109000011077             I022401171107      00001107            05021700000001860403410046308000000000000000000000000000000000000000000000000000000000000000000000000000000000000000000000000000001000000000000000         00000000000000000000000CLAIR LEONARDO DIAS EPP                                               000069
10249073786000166004600736658                                 00001112            109000011127             I022401171112      00001112            10021700000000856003410046308000000000000000000000000000000000000000000000000000000000000000000000000000000000000000000000000000001000000000000000         00000000000000000000000COLEGIO A FORTIORI LTDA - ME                                          000070
10249073786000166004600736658                                 00001191            109000011911             I022401171191      00001191            10021700000000520003410046308000000000000000000000000000000000000000000000000000000000000000000000000000000000000000000000000000001000000000000000         00000000000000000000000COLEGIO A FORTIORI LTDA ME                                            000071
10249073786000166004600736658                                 00001293            109000012935             I022401171293      00001293            10021700000002151003410046308000000000000000000000000000000000000000000000000000000000000000000000000000000000000000000000000000001000000000000000         00000000000000000000000COLEGIO EDUCACIONAL DE ENSINO                                         000072
10249073786000166004600736658                                 00001294            109000012943             I022401171294      00001294            10021700000007899463415572308000000000000000000000000000000000000000000000000000000000000000000000000000000000000000000000000000001000000000000000         00000000000000000000000COMERCIAL ESPERANCA ATACADISTA                                        000073
10249073786000166004600736658                                 00001306            109000013065             I022401171306      00001306            10021700000000792003410046308000000000000000000000000000000000000000000000000000000000000000000000000000000000000000000000000000001000000000000000         00000000000000000000000COMERCIAL ESPERANCA ATACADISTA                                        000074
10249073786000166004600736658                                 00001312            109000013123             I022401171312      00001312            10021700000000792003410055408000000000000000000000000000000000000000000000000000000000000000000000000000000000000000000000000000001000000000000000         00000000000000000000000COMERCIAL ESPERANCA ATACADO IM                                        000075
10249073786000166004600736658                                 00001313            109000013131             I022401171313      00001313            10021700000000792003410203008000000000000000000000000000000000000000000000000000000000000000000000000000000000000000000000000000001000000000000000         00000000000000000000000COMERCIAL ESPERANCA ATACADO DI                                        000076
10249073786000166004600736658                                 00001326            109000013263             I022401171326      00001326            05021700000001599513410046308000000000000000000000000000000000000000000000000000000000000000000000000000000000000000000000000000001000000000000000         00000000000000000000000COMERCIO DE PNEUS ANADIA LTDA                                         000077
10249073786000166004600736658                                 00001327            109000013271             I022401171327      00001327            05021700000000975003410046308000000000000000000000000000000000000000000000000000000000000000000000000000000000000000000000000000001000000000000000         00000000000000000000000COMERCIO DE PNEUS ANADIA LTDA                                         000078
10249073786000166004600736658                                 00001492            109000014923             I022401171492      00001492            05021700000000975003412861308000000000000000000000000000000000000000000000000000000000000000000000000000000000000000000000000000001000000000000000         00000000000000000000000COMERCIO DE PNEUS ANADIA LTDA                                         000079
10249073786000166004600736658                                 00001495            109000014956             I022401171495      00001495            05021700000000880003410046308000000000000000000000000000000000000000000000000000000000000000000000000000000000000000000000000000001000000000000000         00000000000000000000000COMERCIO DE PRODUTOS ALIMENTIC                                        000080
10249073786000166004600736658                                 00001509            109000015094             I022401171509      00001509            10021700000000807163410046308000000000000000000000000000000000000000000000000000000000000000000000000000000000000000000000000000001000000000000000         00000000000000000000000COMERCIAL ESPERANCA ATACADISTA                                        000081
10249073786000166004600736658                                 00001510            109000015102             I022401171510      00001510            05021700000000320003410046308000000000000000000000000000000000000000000000000000000000000000000000000000000000000000000000000000001000000000000000         00000000000000000000000CRISTIANE NAKANO                                                      000082
10249073786000166004600736658                                 00001547            109000015474             I022401171547      00001547            05021700000000676003410046308000000000000000000000000000000000000000000000000000000000000000000000000000000000000000000000000000001000000000000000         00000000000000000000000CVM PROPRIEDADES COMERCIAIS LT                                        000083
10249073786000166004600736658                                 00001548            109000015482             I022401171548      00001548            15021700000001400003410046308000000000000000000000000000000000000000000000000000000000000000000000000000000000000000000000000000001000000000000000         00000000000000000000000DAMFLA SERIGRAFICA LTDA EPP                                           000084
10249073786000166004600736658                                 00001582            109000015821             I022401171582      00001582            15021700000001456003410046308000000000000000000000000000000000000000000000000000000000000000000000000000000000000000000000000000001000000000000000         00000000000000000000000DESPACHANTE TRIANGULO LTDA                                            000085
10249073786000166004600736658                                 00001585            109000015854             I022401171585      00001585            10021700000000736003410046308000000000000000000000000000000000000000000000000000000000000000000000000000000000000000000000000000001000000000000000         00000000000000000000000DISTRIBUIDORA DE PRODUTOS AVIC                                        000086
10249073786000166004600736658                                 00001590            109000015904             I022401171590      00001590            05021700000000449633410046308000000000000000000000000000000000000000000000000000000000000000000000000000000000000000000000000000001000000000000000         00000000000000000000000DJALMA ANDRADE DOS SANTOS ME                                          000087
10249073786000166004600736658                                 00001623            109000016233             I022401171623      00001623            11021700000000858003410046308000000000000000000000000000000000000000000000000000000000000000000000000000000000000000000000000000001000000000000000         00000000000000000000000DOLCE VITTA ESTETICA E SPA URB                                        000088
10249073786000166004600736658                                 00001660            109000016605             I022401171660      00001660            05021700000000782003410046308000000000000000000000000000000000000000000000000000000000000000000000000000000000000000000000000000001000000000000000         00000000000000000000000DOM QUILO COMERCIO DE ALIMENTO                                        000089
10249073786000166004600736658                                 00001731            109000017314             I022401171731      00001731            10021700000000670003410046308000000000000000000000000000000000000000000000000000000000000000000000000000000000000000000000000000001000000000000000         00000000000000000000000DROGARIA PRECOBOM LTDA ME                                             000090
10249073786000166004600736658                                 00001732            109000017322             I022401171732      00001732            05021700000000472503410046308000000000000000000000000000000000000000000000000000000000000000000000000000000000000000000000000000001000000000000000         00000000000000000000000DULCIDIO ABBUD - ME                                                   000091
10249073786000166004600736658                                 00001771            109000017710             I022401171771      00001771            05021700000000524003410046308000000000000000000000000000000000000000000000000000000000000000000000000000000000000000000000000000001000000000000000         00000000000000000000000E. DIAS ALVES MERCEARIA ME                                            000092
10249073786000166004600736658                                 00001807            109000018072             I022401171807      00001807            05021700000000525003410046308000000000000000000000000000000000000000000000000000000000000000000000000000000000000000000000000000001000000000000000         00000000000000000000000EDIVALDO NASCIMENTO NUNES - ME                                        000093
10249073786000166004600736658                                 00001848            109000018486             I022401171848      00001848            07021700000000540003412861308000000000000000000000000000000000000000000000000000000000000000000000000000000000000000000000000000001000000000000000         00000000000000000000000EFSJ PARTICIPACOES LTDA                                               000094
10249073786000166004600736658                                 00001855            109000018551             I022401171855      00001855            25021700000000464403410046308000000000000000000000000000000000000000000000000000000000000000000000000000000000000000000000000000001000000000000000         00000000000000000000000EQUIPLASTEC COMERCIO DE PECAS                                         000095
10249073786000166004600736658                                 00001883            109000018833             I022401171883      00001883            10021700000000554803410046308000000000000000000000000000000000000000000000000000000000000000000000000000000000000000000000000000001000000000000000         00000000000000000000000F. VICTOR BANANAS LTDA - ME                                           000096
10249073786000166004600736658                                 00001902            109000019021             I022401171902      00001902            10021700000000836003410046308000000000000000000000000000000000000000000000000000000000000000000000000000000000000000000000000000001000000000000000         00000000000000000000000FERREIRA E CANDIDO S S LTDA                                           000097
10249073786000166004600736658                                 00001910            109000019104             I022401171910      00001910            05021700000000221003412861308000000000000000000000000000000000000000000000000000000000000000000000000000000000000000000000000000001000000000000000         00000000000000000000000GILMAR GONCALVES DE MELO CONSU                                        000098
10249073786000166004600736658                                 00001914            109000019146             I022401171914      00001914            15021700000000205353410046308000000000000000000000000000000000000000000000000000000000000000000000000000000000000000000000000000001000000000000000         00000000000000000000000GIORGIA CLARO DE CAMARGO                                              000099
10249073786000166004600736658                                 00001915            109000019153             I022401171915      00001915            07021700000000540003412861308000000000000000000000000000000000000000000000000000000000000000000000000000000000000000000000000000001000000000000000         00000000000000000000000GMFC PARTICIPACOES LTDA                                               000100
10249073786000166004600736658                                 00001922            109000019229             I022401171922      00001922            05021700000000666003410046308000000000000000000000000000000000000000000000000000000000000000000000000000000000000000000000000000001000000000000000         00000000000000000000000GSC EMPREENDIMENTOS E PARTICIP                                        000101
10249073786000166004600736658                                 00001930            109000019302             I022401171930      00001930            05021700000005166003410046308000000000000000000000000000000000000000000000000000000000000000000000000000000000000000000000000000001000000000000000         00000000000000000000000GSM MONTAGENS E INSTALACOES LT                                        000102
10249073786000166004600736658                                 00001956            109000019567             I022401171956      00001956            15021700000001204273410046308000000000000000000000000000000000000000000000000000000000000000000000000000000000000000000000000000001000000000000000         00000000000000000000000GUARULHOS COMERCIO DE SALVADOS                                        000103
10249073786000166004600736658                                 00001961            109000019617             I022401171961      00001961            10021700000004161003410046308000000000000000000000000000000000000000000000000000000000000000000000000000000000000000000000000000001000000000000000         00000000000000000000000GUARUMAR LOCADORA E SERVICOS E                                        000104
10249073786000166004600736658                                 00001980            109000019807             I022401171980      00001980            05021700000000605003412861308000000000000000000000000000000000000000000000000000000000000000000000000000000000000000000000000000001000000000000000         00000000000000000000000GUILHERME CLARO GLORIGIANO - M                                        000105
10249073786000166004600736658                                 00002027            109000020276             I022401172027      00002027            05021700000001100003410046308000000000000000000000000000000000000000000000000000000000000000000000000000000000000000000000000000001000000000000000         00000000000000000000000GUSMAO LOGISTICA LTDA - EPP                                           000106
10249073786000166004600736658                                 00002033            109000020334             I022401172033      00002033            07021700000000540003412861308000000000000000000000000000000000000000000000000000000000000000000000000000000000000000000000000000001000000000000000         00000000000000000000000IFS PARTICIPACOES LTDA                                                000107
10249073786000166004600736658                                 00002037            109000020375             I022401172037      00002037            15021700000000775353410046308000000000000000000000000000000000000000000000000000000000000000000000000000000000000000000000000000001000000000000000         00000000000000000000000IMOBILIARIA E ADMINISTRACAO DE                                        000108
10249073786000166004600736658                                 00002055            109000020557             I022401172055      00002055            15021700000001400003410046308000000000000000000000000000000000000000000000000000000000000000000000000000000000000000000000000000001000000000000000         00000000000000000000000INDUSTRIA METALURGICA CEMAR LT                                        000109
10249073786000166004600736658                                 00002139            109000021399             I022401172139      00002139            15021700000000467353410046308000000000000000000000000000000000000000000000000000000000000000000000000000000000000000000000000000001000000000000000         00000000000000000000000JOAO ACACIO NETO - ME                                                 000110
10249073786000166004600736658                                 00002148            109000021480             I022401172148      00002148            10021700000000290003410046308000000000000000000000000000000000000000000000000000000000000000000000000000000000000000000000000000001000000000000000         00000000000000000000000JOSE DE ALMEIDA BAR GUARULHOS                                         000111
10249073786000166004600736658                                 00002179            109000021795             I022401172179      00002179            05021700000000892003410030708000000000000000000000000000000000000000000000000000000000000000000000000000000000000000000000000000001000000000000000         00000000000000000000000JRCS SERVICOS MEDICOS LTDA - M                                        000112
10249073786000166004600736658                                 00002235            109000022355             I022401172235      00002235            10021700000000580003410046308000000000000000000000000000000000000000000000000000000000000000000000000000000000000000000000000000001000000000000000         00000000000000000000000JTJP COMERCIO DE JOIAS E ACESS                                        000113
10249073786000166004600736658                                 00002239            109000022397             I022401172239      00002239            05021700000000815003410046308000000000000000000000000000000000000000000000000000000000000000000000000000000000000000000000000000001000000000000000         00000000000000000000000JULIO ALBERTO SONCINI                                                 000114
10249073786000166004600736658                                 00002245            109000022454             I022401172245      00002245            10021700000001837003410046308000000000000000000000000000000000000000000000000000000000000000000000000000000000000000000000000000001000000000000000         00000000000000000000000LEPAPIE FACTORING FOMENTO COME                                        000115
10249073786000166004600736658                                 00002284            109000022843             I022401172284      00002284            05021700000000464003412861308000000000000000000000000000000000000000000000000000000000000000000000000000000000000000000000000000001000000000000000         00000000000000000000000MAM PARK ADMINISTRACAO DE ESTA                                        000116
10249073786000166004600736658                                 00002330            109000023304             I022401172330      00002330            05021700000000647003412861308000000000000000000000000000000000000000000000000000000000000000000000000000000000000000000000000000001000000000000000         00000000000000000000000MARIA FERNANDA CLARO GLORIGIAN                                        000117
10249073786000166004600736658                                 00002331            109000023312             I022401172331      00002331            05021700000000605003412861308000000000000000000000000000000000000000000000000000000000000000000000000000000000000000000000000000001000000000000000         00000000000000000000000MARIA JOSE ROCHA GLORIGIANO ME                                        000118
10249073786000166004600736658                                 00002332            109000023320             I022401172332      00002332            05021700000000515353410046308000000000000000000000000000000000000000000000000000000000000000000000000000000000000000000000000000001000000000000000         00000000000000000000000MAX CLEAN LAVANDERIA LTDA - ME                                        000119
10249073786000166004600736658                                 00002334            109000023346             I022401172334      00002334            05021700000000880003412861308000000000000000000000000000000000000000000000000000000000000000000000000000000000000000000000000000001000000000000000         00000000000000000000000MEDIDA CERTA SERVICOS DE LOGIS                                        000120
10249073786000166004600736658                                 00002335            109000023353             I022401172335      00002335            15021700000000613003412861308000000000000000000000000000000000000000000000000000000000000000000000000000000000000000000000000000001000000000000000         00000000000000000000000MGM COMUNICACAO VISUAL LTDA -                                         000121
10249073786000166004600736658                                 00002336            109000023361             I022401172336      00002336            25021700000002125603410046308000000000000000000000000000000000000000000000000000000000000000000000000000000000000000000000000000001000000000000000         00000000000000000000000MH INDUSTRIA DE MAQUINAS E EQU                                        000122
10249073786000166004600736658                                 00002340            109000023403             I022401172340      00002340            05021700000000666003410046308000000000000000000000000000000000000000000000000000000000000000000000000000000000000000000000000000001000000000000000         00000000000000000000000MICRO PNEUS COMERCIO E PRESTAC                                        000123
10249073786000166004600736658                                 00002346            109000023460             I022401172346      00002346            05021700000000880003410046308000000000000000000000000000000000000000000000000000000000000000000000000000000000000000000000000000001000000000000000         00000000000000000000000NELIU'S GRILL & PIZZA LTDA - M                                        000124
10249073786000166004600736658                                 00002363            109000023635             I022401172363      00002363            05021700000000400003410046308000000000000000000000000000000000000000000000000000000000000000000000000000000000000000000000000000001000000000000000         00000000000000000000000NEO PARKING ESTACIONAMENTOS LT                                        000125
10249073786000166004600736658                                 00002375            109000023759             I022401172375      00002375            05021700000001115353410046308000000000000000000000000000000000000000000000000000000000000000000000000000000000000000000000000000001000000000000000         00000000000000000000000NSA PNEUTEC COMERCIAL LTDA                                            000126
10249073786000166004600736658                                 00002376            109000023767             I022401172376      00002376            05021700000003000003410024008000000000000000000000000000000000000000000000000000000000000000000000000000000000000000000000000000001000000000000000         00000000000000000000000NSA RECAUCHUTAGEM DE PNEUS LTD                                        000127
10249073786000166004600736658                                 00002377            109000023775             I022401172377      00002377            05021700000002000003410046308000000000000000000000000000000000000000000000000000000000000000000000000000000000000000000000000000001000000000000000         00000000000000000000000NSA RECAUCHUTAGEM DE PNEUS LTD                                        000128
10249073786000166004600736658                                 00002391            109000023916             I022401172391      00002391            05021700000001110003410024008000000000000000000000000000000000000000000000000000000000000000000000000000000000000000000000000000001000000000000000         00000000000000000000000NSAPNEUTEC COMERCIAL LTDA                                             000129
10249073786000166004600736658                                 00002430            109000024302             I022401172430      00002430            15021700000000704003410046308000000000000000000000000000000000000000000000000000000000000000000000000000000000000000000000000000001000000000000000         00000000000000000000000PARIS BUFFET E EVENTOS LTDA -                                         000130
10249073786000166004600736658                                 00002439            109000024393             I022401172439      00002439            05021700000000300003410046308000000000000000000000000000000000000000000000000000000000000000000000000000000000000000000000000000001000000000000000         00000000000000000000000PEDRO AZEVEDO PEIXOTO 25977517                                        000131
10249073786000166004600736658                                 00002441            109000024419             I022401172441      00002441            10021700000000786003410046308000000000000000000000000000000000000000000000000000000000000000000000000000000000000000000000000000001000000000000000         00000000000000000000000PHARMACEA FORMULAS E COSMETICO                                        000132
10249073786000166004600736658                                 00002443            109000024435             I022401172443      00002443            10021700000001317003410046308000000000000000000000000000000000000000000000000000000000000000000000000000000000000000000000000000001000000000000000         00000000000000000000000PHARMACEA FORMULAS E COSMETICO                                        000133
10249073786000166004600736658                                 00002451            109000024518             I022401172451      00002451            15021700000000347753410046308000000000000000000000000000000000000000000000000000000000000000000000000000000000000000000000000000001000000000000000         00000000000000000000000PLASTICOS VITORIA ASS. EMP. EI                                        000134
10249073786000166004600736658                                 00002463            109000024633             I022401172463      00002463            15021700000000928413410046308000000000000000000000000000000000000000000000000000000000000000000000000000000000000000000000000000001000000000000000         00000000000000000000000PLASVIT DO BRASIL INDUSTRIA E                                         000135
10249073786000166004600736658                                 00002464            109000024641             I022401172464      00002464            10021700000001421003410046308000000000000000000000000000000000000000000000000000000000000000000000000000000000000000000000000000001000000000000000         00000000000000000000000PONTO COMERCIO DE BOMBONAS E T                                        000136
10249073786000166004600736658                                 00002465            109000024658             I022401172465      00002465            15021700000000250003410046308000000000000000000000000000000000000000000000000000000000000000000000000000000000000000000000000000001000000000000000         00000000000000000000000PRACA DO BOTECO GASTRONOMIA BR                                        000137
10249073786000166004600736658                                 00002466            109000024666             I022401172466      00002466            10021700000000840003410046308000000000000000000000000000000000000000000000000000000000000000000000000000000000000000000000000000001000000000000000         00000000000000000000000PRIMOS COMERCIO DE JOIAS E ACE                                        000138
10249073786000166004600736658                                 00002467            109000024674             I022401172467      00002467            05021700000000929203412861308000000000000000000000000000000000000000000000000000000000000000000000000000000000000000000000000000001000000000000000         00000000000000000000000PRINCIPIO ATIVO PHARMACIA DE M                                        000139
10249073786000166004600736658                                 00002468            109000024682             I022401172468      00002468            20021700000000500003410046308000000000000000000000000000000000000000000000000000000000000000000000000000000000000000000000000000001000000000000000         00000000000000000000000QUALITY PLASTICS INDUSTRIA E C                                        000140
10249073786000166004600736658                                 00002469            109000024690             I022401172469      00002469            15021700000002728153415572308000000000000000000000000000000000000000000000000000000000000000000000000000000000000000000000000000001000000000000000         00000000000000000000000QUINTAL DA VILA ARUJAZINHO HOR                                        000141
10249073786000166004600736658                                 00002470            109000024708             I022401172470      00002470            05021700000000400003414828008000000000000000000000000000000000000000000000000000000000000000000000000000000000000000000000000000001000000000000000         00000000000000000000000R.A. SERVICOS DE ENGENHARIA EI                                        000142
10249073786000166004600736658                                 00002471            109000024716             I022401172471      00002471            10021700000000500003410046308000000000000000000000000000000000000000000000000000000000000000000000000000000000000000000000000000001000000000000000         00000000000000000000000RADER ALUGUEL DE ROUPAS LTDA -                                        000143
10249073786000166004600736658                                 00002472            109000024724             I022401172472      00002472            05021700000000664003412861308000000000000000000000000000000000000000000000000000000000000000000000000000000000000000000000000000001000000000000000         00000000000000000000000REACAO VITAL FARMACIA DE MANIP                                        000144
10249073786000166004600736658                                 00002473            109000024732             I022401172473      00002473            05021700000001139783410046308000000000000000000000000000000000000000000000000000000000000000000000000000000000000000000000000000001000000000000000         00000000000000000000000REACAO VITAL FARMACIA DE MANIP                                        000145
10249073786000166004600736658                                 00002474            109000024740             I022401172474      00002474            05021700000001444003412861308000000000000000000000000000000000000000000000000000000000000000000000000000000000000000000000000000001000000000000000         00000000000000000000000RECAMAR PNEUS LTDA                                                    000146
10249073786000166004600736658                                 00002475            109000024757             I022401172475      00002475            05021700000001494003410046308000000000000000000000000000000000000000000000000000000000000000000000000000000000000000000000000000001000000000000000         00000000000000000000000RECAPAGEM PNEUS ANDRADE LTDA                                          000147
10249073786000166004600736658                                 00002476            109000024765             I022401172476      00002476            05021700000000740003410046308000000000000000000000000000000000000000000000000000000000000000000000000000000000000000000000000000001000000000000000         00000000000000000000000REGINA HOSOGI PAPELARIA LTDA -                                        000148
10249073786000166004600736658                                 00002487            109000024872             I022401172487      00002487            15021700000002321583410046308000000000000000000000000000000000000000000000000000000000000000000000000000000000000000000000000000001000000000000000         00000000000000000000000RENNOVAPLAST INDUSTRIA E COMER                                        000149
10249073786000166004600736658                                 00002491            109000024914             I022401172491      00002491            05021700000000300003412861308000000000000000000000000000000000000000000000000000000000000000000000000000000000000000000000000000001000000000000000         00000000000000000000000RETA ADMINISTRACAO E PROJETOS                                         000150
10249073786000166004600736658                                 00002492            109000024922             I022401172492      00002492            05021700000000500003410046308000000000000000000000000000000000000000000000000000000000000000000000000000000000000000000000000000001000000000000000         00000000000000000000000RETRO MANIA COMERCIO DE CALCAD                                        000151
10249073786000166004600736658                                 00002493            109000024930             I022401172493      00002493            05021700000000608003410046308000000000000000000000000000000000000000000000000000000000000000000000000000000000000000000000000000001000000000000000         00000000000000000000000REVETRIA VIANA PORTELA - ME                                           000152
10249073786000166004600736658                                 00002511            109000025119             I022401172511      00002511            10021700000000368003410046308000000000000000000000000000000000000000000000000000000000000000000000000000000000000000000000000000001000000000000000         00000000000000000000000RODRIGO MATTOS TAPIAS                                                 000153
10249073786000166004600736658                                 00002516            109000025168             I022401172516      00002516            05021700000003000003410046308000000000000000000000000000000000000000000000000000000000000000000000000000000000000000000000000000001000000000000000         00000000000000000000000ROSIL EMBALAGENS PLASTICAS EIR                                        000154
10249073786000166004600736658                                 00002517            109000025176             I022401172517      00002517            05021700000000680003412861308000000000000000000000000000000000000000000000000000000000000000000000000000000000000000000000000000001000000000000000         00000000000000000000000SANDANELLI COMERCIO DE CALCADO                                        000155
10249073786000166004600736658                                 00002518            109000025184             I022401172518      00002518            05021700000000557003410001808000000000000000000000000000000000000000000000000000000000000000000000000000000000000000000000000000001000000000000000         00000000000000000000000SANDANELLI COMERCIO DE CALCADO                                        000156
10249073786000166004600736658                                 00002519            109000025192             I022401172519      00002519            05021700000001323713410046308000000000000000000000000000000000000000000000000000000000000000000000000000000000000000000000000000001000000000000000         00000000000000000000000SANDAPLAST INDUSTRIA E COMERCI                                        000157
10249073786000166004600736658                                 00002524            109000025242             I022401172524      00002524            05021700000000557003410046308000000000000000000000000000000000000000000000000000000000000000000000000000000000000000000000000000001000000000000000         00000000000000000000000SANDRO SANDANELLI ME                                                  000158
10249073786000166004600736658                                 00002527            109000025275             I022401172527      00002527            10021700000001710003410046308000000000000000000000000000000000000000000000000000000000000000000000000000000000000000000000000000001000000000000000         00000000000000000000000SCM EMPREENDIMENTOS LTDA - ME                                         000159
10249073786000166004600736658                                 00002540            109000025408             I022401172540      00002540            05021700000000386003410046308000000000000000000000000000000000000000000000000000000000000000000000000000000000000000000000000000001000000000000000         00000000000000000000000SETSUO SASAKI                                                         000160
10249073786000166004600736658                                 00002541            109000025416             I022401172541      00002541            05021700000000880703410046308000000000000000000000000000000000000000000000000000000000000000000000000000000000000000000000000000001000000000000000         00000000000000000000000SINALMAX COMERCIAL E INDUSTRIA                                        000161
10249073786000166004600736658                                 00002542            109000025424             I022401172542      00002542            10021700000000400003412861308000000000000000000000000000000000000000000000000000000000000000000000000000000000000000000000000000001000000000000000         00000000000000000000000SNUBBER INDUSTRIA E COMERCIO D                                        000162
10249073786000166004600736658                                 00002560            109000025606             I022401172560      00002560            05021700000000770003412861308000000000000000000000000000000000000000000000000000000000000000000000000000000000000000000000000000001000000000000000         00000000000000000000000SO BOMBONAS LTDA - ME                                                 000163
10249073786000166004600736658                                 00002570            109000025705             I022401172570      00002570            25021700000000947003410046308000000000000000000000000000000000000000000000000000000000000000000000000000000000000000000000000000001000000000000000         00000000000000000000000STAMPMAX INDUSTRIA E COMERCIO                                         000164
10249073786000166004600736658                                 00002581            109000025812             I022401172581      00002581            05021700000000535003412861308000000000000000000000000000000000000000000000000000000000000000000000000000000000000000000000000000001000000000000000         00000000000000000000000STRIX ENGENHARIA EIRELI - ME                                          000165
10249073786000166004600736658                                 00002597            109000025978             I022401172597      00002597            10021700000001089003410046308000000000000000000000000000000000000000000000000000000000000000000000000000000000000000000000000000001000000000000000         00000000000000000000000T.F.EMPREENDIMENTOS PARTICIPAC                                        000166
10249073786000166004600736658                                 00002599            109000025994             I022401172599      00002599            10021700000001089003410046308000000000000000000000000000000000000000000000000000000000000000000000000000000000000000000000000000001000000000000000         00000000000000000000000TFPLAN CONSTRUCOES, INCORPORAC                                        000167
10249073786000166004600736658                                 00002601            109000026018             I022401172601      00002601            10021700000000470003410046308000000000000000000000000000000000000000000000000000000000000000000000000000000000000000000000000000001000000000000000         00000000000000000000000THALER COMERCIO E SERVICOS LTD                                        000168
10249073786000166004600736658                                 00002622            109000026224             I022401172622      00002622            05021700000000802003410046308000000000000000000000000000000000000000000000000000000000000000000000000000000000000000000000000000001000000000000000         00000000000000000000000T.K. COMERCIO E SERVICOS DE AC                                        000169
10249073786000166004600736658                                 00002623            109000026232             I022401172623      00002623            05021700000000550003410046308000000000000000000000000000000000000000000000000000000000000000000000000000000000000000000000000000001000000000000000         00000000000000000000000TOK ART ARTIGOS DO LAR LTDA                                           000170
10249073786000166004600736658                                 00002624            109000026240             I022401172624      00002624            25021700000000300003410046308000000000000000000000000000000000000000000000000000000000000000000000000000000000000000000000000000001000000000000000         00000000000000000000000TREVI INDUSTRIA MECANICA EIREL                                        000171
10249073786000166004600736658                                 00002631            109000026315             I022401172631      00002631            05021700000002245813410046308000000000000000000000000000000000000000000000000000000000000000000000000000000000000000000000000000001000000000000000         00000000000000000000000UGS SEGURANCA E VIGILANCIA LTD                                        000172
10249073786000166004600736658                                 00002668            109000026687             I022401172668      00002668            05021700000001444003410046308000000000000000000000000000000000000000000000000000000000000000000000000000000000000000000000000000001000000000000000         00000000000000000000000UGS SERVICOS GERAIS LTDA - EPP                                        000173
10249073786000166004600736658                                 00002707            109000027073             I022401172707      00002707            10021700000000420003410046308000000000000000000000000000000000000000000000000000000000000000000000000000000000000000000000000000001000000000000000         00000000000000000000000URBAN COWORK SERVICOS DE ESCRI                                        000174
10249073786000166004600736658                                 00002711            109000027115             I022401172711      00002711            05021700000002050003410046308000000000000000000000000000000000000000000000000000000000000000000000000000000000000000000000000000001000000000000000         00000000000000000000000VELOSTAMP INDUSTRIA E COMERCIO                                        000175
10249073786000166004600736658                                 00002790            109000027909             I022401172790      00002790            15021700000008022043410046308000000000000000000000000000000000000000000000000000000000000000000000000000000000000000000000000000001000000000000000         00000000000000000000000VENDAP LOCACAO DE EQUIPAMENTOS                                        000176
10249073786000166004600736658                                 00002843            109000028436             I022401172843      00002843            05021700000000500003410046308000000000000000000000000000000000000000000000000000000000000000000000000000000000000000000000000000001000000000000000         00000000000000000000000VILLE DIJOIA COMERCIO DE BIJUT                                        000177
10249073786000166004600736658                                 00002950            109000029509             I022401172950      00002950            05021700000002140003410046308000000000000000000000000000000000000000000000000000000000000000000000000000000000000000000000000000001000000000000000         00000000000000000000000WATERTEC INDUSTRIAL COMERCIAL                                         000178
10249073786000166004600736658                                 00002953            109000029533             I022401172953      00002953            10021700000000560703410046308000000000000000000000000000000000000000000000000000000000000000000000000000000000000000000000000000001000000000000000         00000000000000000000000W.M. SPORT TENIS E COMERCIO DE                                        000179
10249073786000166004600736658                                 00002954            109000029541             I022401172954      00002954            05021700000001320003410046308000000000000000000000000000000000000000000000000000000000000000000000000000000000000000000000000000001000000000000000         00000000000000000000000YOSHINOBU NAKAO FEIRANTE - ME                                         000180
10249073786000166004600736658                                 00002963            109000029632             I022401172963      00002963            05021700000001470003410046308000000000000000000000000000000000000000000000000000000000000000000000000000000000000000000000000000001000000000000000         00000000000000000000000ZENAIDE SANCHES FRATA - ME                                            000181
10249073786000166004600736658                                 00002970            109000029707             I022401172970      00002970            05021700000001508553412861308000000000000000000000000000000000000000000000000000000000000000000000000000000000000000000000000000001000000000000000         00000000000000000000000MARCA SINALIZACAO E SERVICOS L                                        000182
9201341          000000000000000000000000000000          000000000000000000000000000000                                                  000000000000000000000000000000          0000018800000020912307  25/01S024240000018100000020250757                                                                                                                                                                000183
